<record><leader>00000cas a22000007a 4500</leader><controlfield tag="001">10153546</controlfield><controlfield tag="008">831122d186518uutxuwr ne      0    0eng d</controlfield><datafield ind1=" " ind2=" " tag="010"><subfield code="a">sn 83021360 </subfield></datafield><datafield ind1=" " ind2=" " tag="040"><subfield code="a">NPX</subfield><subfield code="b">eng</subfield><subfield code="c">NPX</subfield><subfield code="d">NPU</subfield><subfield code="d">PPM</subfield><subfield code="d">OCLCQ</subfield></datafield><datafield ind1=" " ind2=" " tag="042"><subfield code="a">msc</subfield></datafield><datafield ind1="0" ind2=" " tag="130"><subfield code="a">Corsicana observer (Corsicana, Tex.: 1865)</subfield></datafield><datafield ind1="1" ind2="4" tag="245"><subfield code="a">The Corsicana observer.</subfield></datafield><datafield ind1=" " ind2=" " tag="260"><subfield code="a">Corsicana, Tex. :</subfield><subfield code="b">Dan Donaldson</subfield></datafield><datafield ind1=" " ind2=" " tag="300"><subfield code="a">v. :</subfield><subfield code="b">ill. ;</subfield><subfield code="c">55-66 cm.</subfield></datafield><datafield ind1=" " ind2=" " tag="310"><subfield code="a">Weekly</subfield></datafield><datafield ind1="1" ind2=" " tag="362"><subfield code="a">Began in 1865.</subfield><subfield code="z">Cf. Jackson, L. True witnesses: checklist of newspapers, 1845-1861.</subfield></datafield><datafield ind1=" " ind2=" " tag="580"><subfield code="a">Merged with: Corsicana index, to form: Observer and index.</subfield></datafield><datafield ind1=" " ind2=" " tag="588"><subfield code="a">Description based on: Vol. 1, no. 30 (May 3, 1867).</subfield></datafield><datafield ind1=" " ind2=" " tag="752"><subfield code="a">United States</subfield><subfield code="b">Texas</subfield><subfield code="c">Navarro</subfield><subfield code="d">Corsicana.</subfield></datafield><datafield ind1="1" ind2="7" tag="785"><subfield code="t">Corsicana index</subfield><subfield code="w">(DLC)sn 83021359</subfield></datafield><datafield ind1="1" ind2="7" tag="785"><subfield code="t">Observer and index</subfield></datafield></record>